
@article{lemak_berendsen_1994,
	title = {On The Berendsen Thermostat},
	volume = {13},
	issn = {0892-7022, 1029-0435},
	url = {http://www.tandfonline.com/doi/abs/10.1080/08927029408021981},
	doi = {10.1080/08927029408021981},
	pages = {177--187},
	number = {3},
	journaltitle = {Molecular Simulation},
	author = {Lemak, A. S. and Balabaev, N. K.},
	urldate = {2018-03-01},
	date = {1994-09},
	langid = {english},
	file = {0c960517a6a867490c000000.pdf:/home/anjohan/Zotero/storage/532PHWLF/0c960517a6a867490c000000.pdf:application/pdf}
}

@article{evans_nosehoover_1985,
	title = {The Noseâ€“Hoover thermostat},
	volume = {83},
	issn = {0021-9606, 1089-7690},
	url = {http://aip.scitation.org/doi/10.1063/1.449071},
	doi = {10.1063/1.449071},
	pages = {4069--4074},
	number = {8},
	journaltitle = {The Journal of Chemical Physics},
	author = {Evans, D. J. and Holian, B. L.},
	urldate = {2018-03-02},
	date = {1985-10-15},
	langid = {english},
	file = {1.pdf:/home/anjohan/Zotero/storage/2QKC262J/1.pdf:application/pdf}
}

@article{stillinger_computer_1985,
	title = {Computer simulation of local order in condensed phases of silicon},
	volume = {31},
	pages = {5262},
	number = {8},
	journaltitle = {Physical review B},
	author = {Stillinger, Frank H. and Weber, Thomas A.},
	date = {1985},
	file = {PhysRevB.31.pdf:/home/anjohan/Zotero/storage/AN4JEJLC/PhysRevB.31.pdf:application/pdf}
}

@article{okada_precise_1984,
	title = {Precise determination of lattice parameter and thermal expansion coefficient of silicon between 300 and 1500 K},
	volume = {56},
	issn = {0021-8979, 1089-7550},
	url = {http://aip.scitation.org/doi/10.1063/1.333965},
	doi = {10.1063/1.333965},
	pages = {314--320},
	number = {2},
	journaltitle = {Journal of Applied Physics},
	author = {Okada, Yasumasa and Tokumaru, Yozo},
	urldate = {2018-03-03},
	date = {1984-07-15},
	langid = {english},
	file = {1.pdf:/home/anjohan/Zotero/storage/PZTJA3VP/1.pdf:application/pdf}
}

@article{mark_structure_2001,
	title = {Structure and Dynamics of the {TIP}3P, {SPC}, and {SPC}/E Water Models at 298 K},
	volume = {105},
	issn = {1089-5639, 1520-5215},
	url = {http://pubs.acs.org/doi/abs/10.1021/jp003020w},
	doi = {10.1021/jp003020w},
	pages = {9954--9960},
	number = {43},
	journaltitle = {The Journal of Physical Chemistry A},
	author = {Mark, Pekka and Nilsson, Lennart},
	urldate = {2018-03-05},
	date = {2001-11},
	langid = {english},
	file = {jp003020w.pdf:/home/anjohan/Zotero/storage/L49UGZYX/jp003020w.pdf:application/pdf}
}